%YAML 1.1
%TAG !u! tag:unity3d.com,2011:
--- !u!1001 &6280872935406415732
PrefabInstance:
  m_ObjectHideFlags: 0
  serializedVersion: 2
  m_Modification:
    m_TransformParent: {fileID: 0}
    m_Modifications:
    - target: {fileID: -8679921383154817045, guid: 599291da1781a2e429771a28913c4af6, type: 3}
      propertyPath: m_RootOrder
      value: 0
      objectReference: {fileID: 0}
    - target: {fileID: -8679921383154817045, guid: 599291da1781a2e429771a28913c4af6, type: 3}
      propertyPath: m_LocalScale.x
      value: 40
      objectReference: {fileID: 0}
    - target: {fileID: -8679921383154817045, guid: 599291da1781a2e429771a28913c4af6, type: 3}
      propertyPath: m_LocalScale.y
      value: 40
      objectReference: {fileID: 0}
    - target: {fileID: -8679921383154817045, guid: 599291da1781a2e429771a28913c4af6, type: 3}
      propertyPath: m_LocalScale.z
      value: 40
      objectReference: {fileID: 0}
    - target: {fileID: -8679921383154817045, guid: 599291da1781a2e429771a28913c4af6, type: 3}
      propertyPath: m_LocalPosition.x
      value: 94.59743
      objectReference: {fileID: 0}
    - target: {fileID: -8679921383154817045, guid: 599291da1781a2e429771a28913c4af6, type: 3}
      propertyPath: m_LocalPosition.y
      value: 0.25000763
      objectReference: {fileID: 0}
    - target: {fileID: -8679921383154817045, guid: 599291da1781a2e429771a28913c4af6, type: 3}
      propertyPath: m_LocalPosition.z
      value: 18.913431
      objectReference: {fileID: 0}
    - target: {fileID: -8679921383154817045, guid: 599291da1781a2e429771a28913c4af6, type: 3}
      propertyPath: m_LocalRotation.w
      value: 0.7071068
      objectReference: {fileID: 0}
    - target: {fileID: -8679921383154817045, guid: 599291da1781a2e429771a28913c4af6, type: 3}
      propertyPath: m_LocalRotation.x
      value: 0
      objectReference: {fileID: 0}
    - target: {fileID: -8679921383154817045, guid: 599291da1781a2e429771a28913c4af6, type: 3}
      propertyPath: m_LocalRotation.y
      value: -0.7071068
      objectReference: {fileID: 0}
    - target: {fileID: -8679921383154817045, guid: 599291da1781a2e429771a28913c4af6, type: 3}
      propertyPath: m_LocalRotation.z
      value: 0
      objectReference: {fileID: 0}
    - target: {fileID: -8679921383154817045, guid: 599291da1781a2e429771a28913c4af6, type: 3}
      propertyPath: m_LocalEulerAnglesHint.x
      value: 0
      objectReference: {fileID: 0}
    - target: {fileID: -8679921383154817045, guid: 599291da1781a2e429771a28913c4af6, type: 3}
      propertyPath: m_LocalEulerAnglesHint.y
      value: -90
      objectReference: {fileID: 0}
    - target: {fileID: -8679921383154817045, guid: 599291da1781a2e429771a28913c4af6, type: 3}
      propertyPath: m_LocalEulerAnglesHint.z
      value: 0
      objectReference: {fileID: 0}
    - target: {fileID: -8276472669682167204, guid: 599291da1781a2e429771a28913c4af6, type: 3}
      propertyPath: m_Materials.Array.data[0]
      value: 
      objectReference: {fileID: 2100000, guid: 785e21e58bd0ad545ac6e374a04287ed, type: 2}
    - target: {fileID: 376456288766228537, guid: 599291da1781a2e429771a28913c4af6, type: 3}
      propertyPath: m_Materials.Array.data[0]
      value: 
      objectReference: {fileID: 2100000, guid: 785e21e58bd0ad545ac6e374a04287ed, type: 2}
    - target: {fileID: 636606197543093963, guid: 599291da1781a2e429771a28913c4af6, type: 3}
      propertyPath: m_Materials.Array.data[0]
      value: 
      objectReference: {fileID: 2100000, guid: 785e21e58bd0ad545ac6e374a04287ed, type: 2}
    - target: {fileID: 919132149155446097, guid: 599291da1781a2e429771a28913c4af6, type: 3}
      propertyPath: m_Name
      value: Alien-3 Variant(Boss)
      objectReference: {fileID: 0}
    - target: {fileID: 919132149155446097, guid: 599291da1781a2e429771a28913c4af6, type: 3}
      propertyPath: m_TagString
      value: Enemy
      objectReference: {fileID: 0}
    - target: {fileID: 1424227393183922488, guid: 599291da1781a2e429771a28913c4af6, type: 3}
      propertyPath: m_Materials.Array.data[0]
      value: 
      objectReference: {fileID: 2100000, guid: 785e21e58bd0ad545ac6e374a04287ed, type: 2}
    - target: {fileID: 5651891941768700246, guid: 599291da1781a2e429771a28913c4af6, type: 3}
      propertyPath: m_Materials.Array.data[0]
      value: 
      objectReference: {fileID: 2100000, guid: 785e21e58bd0ad545ac6e374a04287ed, type: 2}
    - target: {fileID: 8110023585310812530, guid: 599291da1781a2e429771a28913c4af6, type: 3}
      propertyPath: m_Materials.Array.data[0]
      value: 
      objectReference: {fileID: 2100000, guid: 785e21e58bd0ad545ac6e374a04287ed, type: 2}
    m_RemovedComponents: []
  m_SourcePrefab: {fileID: 100100000, guid: 599291da1781a2e429771a28913c4af6, type: 3}
--- !u!1 &6623472861854994981 stripped
GameObject:
  m_CorrespondingSourceObject: {fileID: 919132149155446097, guid: 599291da1781a2e429771a28913c4af6, type: 3}
  m_PrefabInstance: {fileID: 6280872935406415732}
  m_PrefabAsset: {fileID: 0}
--- !u!54 &3465209583215740638
Rigidbody:
  m_ObjectHideFlags: 0
  m_CorrespondingSourceObject: {fileID: 0}
  m_PrefabInstance: {fileID: 0}
  m_PrefabAsset: {fileID: 0}
  m_GameObject: {fileID: 6623472861854994981}
  serializedVersion: 2
  m_Mass: 1
  m_Drag: 0
  m_AngularDrag: 0.05
  m_UseGravity: 1
  m_IsKinematic: 0
  m_Interpolate: 0
  m_Constraints: 84
  m_CollisionDetection: 0
--- !u!136 &5958680701972756788
CapsuleCollider:
  m_ObjectHideFlags: 0
  m_CorrespondingSourceObject: {fileID: 0}
  m_PrefabInstance: {fileID: 0}
  m_PrefabAsset: {fileID: 0}
  m_GameObject: {fileID: 6623472861854994981}
  m_Material: {fileID: 0}
  m_IsTrigger: 0
  m_Enabled: 1
  m_Radius: 0.05
  m_Height: 0.1722753
  m_Direction: 1
  m_Center: {x: 0.0010923425, y: 0.08268172, z: 0}
--- !u!65 &8531881601705170234
BoxCollider:
  m_ObjectHideFlags: 0
  m_CorrespondingSourceObject: {fileID: 0}
  m_PrefabInstance: {fileID: 0}
  m_PrefabAsset: {fileID: 0}
  m_GameObject: {fileID: 6623472861854994981}
  m_Material: {fileID: 0}
  m_IsTrigger: 1
  m_Enabled: 1
  serializedVersion: 2
  m_Size: {x: 3.4941604, y: 0.4, z: 3.2029016}
  m_Center: {x: -0.081448756, y: 0, z: -0.09926778}
--- !u!82 &7937067755154400056
AudioSource:
  m_ObjectHideFlags: 0
  m_CorrespondingSourceObject: {fileID: 0}
  m_PrefabInstance: {fileID: 0}
  m_PrefabAsset: {fileID: 0}
  m_GameObject: {fileID: 6623472861854994981}
  m_Enabled: 1
  serializedVersion: 4
  OutputAudioMixerGroup: {fileID: -1033496816816142493, guid: 27192958ec744414cae6ce43a1873d99, type: 2}
  m_audioClip: {fileID: 0}
  m_PlayOnAwake: 1
  m_Volume: 1
  m_Pitch: 1
  Loop: 0
  Mute: 0
  Spatialize: 0
  SpatializePostEffects: 0
  Priority: 128
  DopplerLevel: 1
  MinDistance: 1
  MaxDistance: 500
  Pan2D: 0
  rolloffMode: 0
  BypassEffects: 0
  BypassListenerEffects: 0
  BypassReverbZones: 0
  rolloffCustomCurve:
    serializedVersion: 2
    m_Curve:
    - serializedVersion: 3
      time: 0
      value: 1
      inSlope: 0
      outSlope: 0
      tangentMode: 0
      weightedMode: 0
      inWeight: 0.33333334
      outWeight: 0.33333334
    - serializedVersion: 3
      time: 1
      value: 0
      inSlope: 0
      outSlope: 0
      tangentMode: 0
      weightedMode: 0
      inWeight: 0.33333334
      outWeight: 0.33333334
    m_PreInfinity: 2
    m_PostInfinity: 2
    m_RotationOrder: 4
  panLevelCustomCurve:
    serializedVersion: 2
    m_Curve:
    - serializedVersion: 3
      time: 0
      value: 0
      inSlope: 0
      outSlope: 0
      tangentMode: 0
      weightedMode: 0
      inWeight: 0.33333334
      outWeight: 0.33333334
    m_PreInfinity: 2
    m_PostInfinity: 2
    m_RotationOrder: 4
  spreadCustomCurve:
    serializedVersion: 2
    m_Curve:
    - serializedVersion: 3
      time: 0
      value: 0
      inSlope: 0
      outSlope: 0
      tangentMode: 0
      weightedMode: 0
      inWeight: 0.33333334
      outWeight: 0.33333334
    m_PreInfinity: 2
    m_PostInfinity: 2
    m_RotationOrder: 4
  reverbZoneMixCustomCurve:
    serializedVersion: 2
    m_Curve:
    - serializedVersion: 3
      time: 0
      value: 1
      inSlope: 0
      outSlope: 0
      tangentMode: 0
      weightedMode: 0
      inWeight: 0.33333334
      outWeight: 0.33333334
    m_PreInfinity: 2
    m_PostInfinity: 2
    m_RotationOrder: 4
--- !u!95 &7430080862656297181
Animator:
  serializedVersion: 4
  m_ObjectHideFlags: 0
  m_CorrespondingSourceObject: {fileID: 0}
  m_PrefabInstance: {fileID: 0}
  m_PrefabAsset: {fileID: 0}
  m_GameObject: {fileID: 6623472861854994981}
  m_Enabled: 1
  m_Avatar: {fileID: 9000000, guid: 599291da1781a2e429771a28913c4af6, type: 3}
  m_Controller: {fileID: 9100000, guid: 99e6bf99ba1a746469a0d4dfcb5cee2a, type: 2}
  m_CullingMode: 0
  m_UpdateMode: 0
  m_ApplyRootMotion: 0
  m_LinearVelocityBlending: 0
  m_StabilizeFeet: 0
  m_WarningMessage: 
  m_HasTransformHierarchy: 1
  m_AllowConstantClipSamplingOptimization: 1
  m_KeepAnimatorControllerStateOnDisable: 0
--- !u!114 &3545771961062734220
MonoBehaviour:
  m_ObjectHideFlags: 0
  m_CorrespondingSourceObject: {fileID: 0}
  m_PrefabInstance: {fileID: 0}
  m_PrefabAsset: {fileID: 0}
  m_GameObject: {fileID: 6623472861854994981}
  m_Enabled: 1
  m_EditorHideFlags: 0
  m_Script: {fileID: 11500000, guid: 3322f38e216144f585c6cbc5d84d426d, type: 3}
  m_Name: 
  m_EditorClassIdentifier: 
  EnemyMaxHealth: 150
  m_Prefab1: {fileID: 742043557763491499, guid: 9997df78251958a429fea06ce30561a4, type: 3}
  m_Prefab2: {fileID: 912366088883655650, guid: 798a27b57cf03c440b0b2a821d8ffdf4, type: 3}
  m_Prefab3: {fileID: 1604635091178269233, guid: a5bb82eebec00514e844ff75bf806179, type: 3}
  m_Prefab4: {fileID: 13093319707370896, guid: db19692349a9e044898cffed4fd5d2e3, type: 3}
  m_Prefab5: {fileID: 8313492301039119576, guid: 68170ccebce06744f92781dcfec31487, type: 3}
  m_Prefab6: {fileID: 3465392917221833988, guid: 61feccac21ece3d4db75da58cd837a79, type: 3}
  dieSound: {fileID: 0}
  hitReact: {fileID: 0}
--- !u!195 &4937745868338159258
NavMeshAgent:
  m_ObjectHideFlags: 0
  m_CorrespondingSourceObject: {fileID: 0}
  m_PrefabInstance: {fileID: 0}
  m_PrefabAsset: {fileID: 0}
  m_GameObject: {fileID: 6623472861854994981}
  m_Enabled: 1
  m_AgentTypeID: 0
  m_Radius: 0.03
  m_Speed: 3
  m_Acceleration: 8
  avoidancePriority: 50
  m_AngularSpeed: 120
  m_StoppingDistance: 0
  m_AutoTraverseOffMeshLink: 1
  m_AutoBraking: 1
  m_AutoRepath: 1
  m_Height: 0.15
  m_BaseOffset: 0
  m_WalkableMask: 4294967295
  m_ObstacleAvoidanceType: 4
--- !u!114 &6173197934432703715
MonoBehaviour:
  m_ObjectHideFlags: 0
  m_CorrespondingSourceObject: {fileID: 0}
  m_PrefabInstance: {fileID: 0}
  m_PrefabAsset: {fileID: 0}
  m_GameObject: {fileID: 6623472861854994981}
  m_Enabled: 1
  m_EditorHideFlags: 0
  m_Script: {fileID: 11500000, guid: fb2e3c081dbad89458ba5527026be84c, type: 3}
  m_Name: 
  m_EditorClassIdentifier: 
  agent: {fileID: 4937745868338159258}
