%YAML 1.1
%TAG !u! tag:unity3d.com,2011:
--- !u!29 &1
OcclusionCullingSettings:
  m_ObjectHideFlags: 0
  serializedVersion: 2
  m_OcclusionBakeSettings:
    smallestOccluder: 5
    smallestHole: 0.25
    backfaceThreshold: 100
  m_SceneGUID: 00000000000000000000000000000000
  m_OcclusionCullingData: {fileID: 0}
--- !u!104 &2
RenderSettings:
  m_ObjectHideFlags: 0
  serializedVersion: 9
  m_Fog: 0
  m_FogColor: {r: 0.5, g: 0.5, b: 0.5, a: 1}
  m_FogMode: 3
  m_FogDensity: 0.01
  m_LinearFogStart: 0
  m_LinearFogEnd: 300
  m_AmbientSkyColor: {r: 0.212, g: 0.227, b: 0.259, a: 1}
  m_AmbientEquatorColor: {r: 0.114, g: 0.125, b: 0.133, a: 1}
  m_AmbientGroundColor: {r: 0.047, g: 0.043, b: 0.035, a: 1}
  m_AmbientIntensity: 1
  m_AmbientMode: 0
  m_SubtractiveShadowColor: {r: 0.42, g: 0.478, b: 0.627, a: 1}
  m_SkyboxMaterial: {fileID: 10304, guid: 0000000000000000f000000000000000, type: 0}
  m_HaloStrength: 0.5
  m_FlareStrength: 1
  m_FlareFadeSpeed: 3
  m_HaloTexture: {fileID: 0}
  m_SpotCookie: {fileID: 10001, guid: 0000000000000000e000000000000000, type: 0}
  m_DefaultReflectionMode: 0
  m_DefaultReflectionResolution: 128
  m_ReflectionBounces: 1
  m_ReflectionIntensity: 1
  m_CustomReflection: {fileID: 0}
  m_Sun: {fileID: 0}
  m_IndirectSpecularColor: {r: 0.44657898, g: 0.4964133, b: 0.5748178, a: 1}
  m_UseRadianceAmbientProbe: 0
--- !u!157 &3
LightmapSettings:
  m_ObjectHideFlags: 0
  serializedVersion: 12
  m_GIWorkflowMode: 1
  m_GISettings:
    serializedVersion: 2
    m_BounceScale: 1
    m_IndirectOutputScale: 1
    m_AlbedoBoost: 1
    m_EnvironmentLightingMode: 0
    m_EnableBakedLightmaps: 1
    m_EnableRealtimeLightmaps: 0
  m_LightmapEditorSettings:
    serializedVersion: 12
    m_Resolution: 2
    m_BakeResolution: 40
    m_AtlasSize: 1024
    m_AO: 0
    m_AOMaxDistance: 1
    m_CompAOExponent: 1
    m_CompAOExponentDirect: 0
    m_ExtractAmbientOcclusion: 0
    m_Padding: 2
    m_LightmapParameters: {fileID: 0}
    m_LightmapsBakeMode: 1
    m_TextureCompression: 1
    m_FinalGather: 0
    m_FinalGatherFiltering: 1
    m_FinalGatherRayCount: 256
    m_ReflectionCompression: 2
    m_MixedBakeMode: 2
    m_BakeBackend: 1
    m_PVRSampling: 1
    m_PVRDirectSampleCount: 32
    m_PVRSampleCount: 512
    m_PVRBounces: 2
    m_PVREnvironmentSampleCount: 256
    m_PVREnvironmentReferencePointCount: 2048
    m_PVRFilteringMode: 1
    m_PVRDenoiserTypeDirect: 1
    m_PVRDenoiserTypeIndirect: 1
    m_PVRDenoiserTypeAO: 1
    m_PVRFilterTypeDirect: 0
    m_PVRFilterTypeIndirect: 0
    m_PVRFilterTypeAO: 0
    m_PVREnvironmentMIS: 1
    m_PVRCulling: 1
    m_PVRFilteringGaussRadiusDirect: 1
    m_PVRFilteringGaussRadiusIndirect: 5
    m_PVRFilteringGaussRadiusAO: 2
    m_PVRFilteringAtrousPositionSigmaDirect: 0.5
    m_PVRFilteringAtrousPositionSigmaIndirect: 2
    m_PVRFilteringAtrousPositionSigmaAO: 1
    m_ExportTrainingData: 0
    m_TrainingDataDestination: TrainingData
    m_LightProbeSampleCountMultiplier: 4
  m_LightingDataAsset: {fileID: 0}
  m_LightingSettings: {fileID: 0}
--- !u!196 &4
NavMeshSettings:
  serializedVersion: 2
  m_ObjectHideFlags: 0
  m_BuildSettings:
    serializedVersion: 2
    agentTypeID: 0
    agentRadius: 0.5
    agentHeight: 2
    agentSlope: 15
    agentClimb: 0.4
    ledgeDropHeight: 0
    maxJumpAcrossDistance: 0
    minRegionArea: 2
    manualCellSize: 0
    cellSize: 0.16666667
    manualTileSize: 0
    tileSize: 256
    accuratePlacement: 0
    maxJobWorkers: 0
    preserveTilesOutsideBounds: 0
    debug:
      m_Flags: 0
  m_NavMeshData: {fileID: 0}
--- !u!1 &73640497
GameObject:
  m_ObjectHideFlags: 0
  m_CorrespondingSourceObject: {fileID: 0}
  m_PrefabInstance: {fileID: 0}
  m_PrefabAsset: {fileID: 0}
  serializedVersion: 6
  m_Component:
  - component: {fileID: 73640498}
  m_Layer: 0
  m_Name: ---------------------
  m_TagString: Untagged
  m_Icon: {fileID: 0}
  m_NavMeshLayer: 0
  m_StaticEditorFlags: 0
  m_IsActive: 1
--- !u!4 &73640498
Transform:
  m_ObjectHideFlags: 0
  m_CorrespondingSourceObject: {fileID: 0}
  m_PrefabInstance: {fileID: 0}
  m_PrefabAsset: {fileID: 0}
  m_GameObject: {fileID: 73640497}
  m_LocalRotation: {x: 0, y: 0, z: 0, w: 1}
  m_LocalPosition: {x: 49.61438, y: 19.283094, z: -9.135427}
  m_LocalScale: {x: 1, y: 1, z: 1}
  m_ConstrainProportionsScale: 0
  m_Children: []
  m_Father: {fileID: 0}
  m_RootOrder: 7
  m_LocalEulerAnglesHint: {x: 0, y: 0, z: 0}
--- !u!114 &126981449 stripped
MonoBehaviour:
  m_CorrespondingSourceObject: {fileID: 2056871822, guid: e077e91ad36c4534393e0747aeb4a568, type: 3}
  m_PrefabInstance: {fileID: 1087311312}
  m_PrefabAsset: {fileID: 0}
  m_GameObject: {fileID: 0}
  m_Enabled: 1
  m_EditorHideFlags: 0
  m_Script: {fileID: 11500000, guid: 5f7201a12d95ffc409449d95f23cf332, type: 3}
  m_Name: 
  m_EditorClassIdentifier: 
--- !u!1001 &183096934
PrefabInstance:
  m_ObjectHideFlags: 0
  serializedVersion: 2
  m_Modification:
    m_TransformParent: {fileID: 0}
    m_Modifications:
    - target: {fileID: 4425047332559939405, guid: 6dbaba9d21df2964abd954d72b16849d, type: 3}
      propertyPath: Enmey_Prefab
      value: 
      objectReference: {fileID: 7060269356885679952, guid: ffff3e3c54adbb04fabf2d5c52f2e7b5, type: 3}
    - target: {fileID: 4425047332559939406, guid: 6dbaba9d21df2964abd954d72b16849d, type: 3}
      propertyPath: m_RootOrder
      value: 16
      objectReference: {fileID: 0}
    - target: {fileID: 4425047332559939406, guid: 6dbaba9d21df2964abd954d72b16849d, type: 3}
      propertyPath: m_LocalPosition.x
      value: 97.80925
      objectReference: {fileID: 0}
    - target: {fileID: 4425047332559939406, guid: 6dbaba9d21df2964abd954d72b16849d, type: 3}
      propertyPath: m_LocalPosition.y
      value: 0.25000763
      objectReference: {fileID: 0}
    - target: {fileID: 4425047332559939406, guid: 6dbaba9d21df2964abd954d72b16849d, type: 3}
      propertyPath: m_LocalPosition.z
      value: 12.94
      objectReference: {fileID: 0}
    - target: {fileID: 4425047332559939406, guid: 6dbaba9d21df2964abd954d72b16849d, type: 3}
      propertyPath: m_LocalRotation.w
      value: 1
      objectReference: {fileID: 0}
    - target: {fileID: 4425047332559939406, guid: 6dbaba9d21df2964abd954d72b16849d, type: 3}
      propertyPath: m_LocalRotation.x
      value: 0
      objectReference: {fileID: 0}
    - target: {fileID: 4425047332559939406, guid: 6dbaba9d21df2964abd954d72b16849d, type: 3}
      propertyPath: m_LocalRotation.y
      value: 0
      objectReference: {fileID: 0}
    - target: {fileID: 4425047332559939406, guid: 6dbaba9d21df2964abd954d72b16849d, type: 3}
      propertyPath: m_LocalRotation.z
      value: 0
      objectReference: {fileID: 0}
    - target: {fileID: 4425047332559939406, guid: 6dbaba9d21df2964abd954d72b16849d, type: 3}
      propertyPath: m_LocalEulerAnglesHint.x
      value: 0
      objectReference: {fileID: 0}
    - target: {fileID: 4425047332559939406, guid: 6dbaba9d21df2964abd954d72b16849d, type: 3}
      propertyPath: m_LocalEulerAnglesHint.y
      value: 0
      objectReference: {fileID: 0}
    - target: {fileID: 4425047332559939406, guid: 6dbaba9d21df2964abd954d72b16849d, type: 3}
      propertyPath: m_LocalEulerAnglesHint.z
      value: 0
      objectReference: {fileID: 0}
    - target: {fileID: 4425047332559939407, guid: 6dbaba9d21df2964abd954d72b16849d, type: 3}
      propertyPath: m_Name
      value: SpawnEnemy 1 (1)
      objectReference: {fileID: 0}
    m_RemovedComponents: []
  m_SourcePrefab: {fileID: 100100000, guid: 6dbaba9d21df2964abd954d72b16849d, type: 3}
--- !u!114 &278029448 stripped
MonoBehaviour:
  m_CorrespondingSourceObject: {fileID: 3582825845852346082, guid: e077e91ad36c4534393e0747aeb4a568, type: 3}
  m_PrefabInstance: {fileID: 1087311312}
  m_PrefabAsset: {fileID: 0}
  m_GameObject: {fileID: 0}
  m_Enabled: 1
  m_EditorHideFlags: 0
  m_Script: {fileID: 11500000, guid: 67db9e8f0e2ae9c40bc1e2b64352a6b4, type: 3}
  m_Name: 
  m_EditorClassIdentifier: 
--- !u!1001 &440921573
PrefabInstance:
  m_ObjectHideFlags: 0
  serializedVersion: 2
  m_Modification:
    m_TransformParent: {fileID: 0}
    m_Modifications:
    - target: {fileID: 216591314571678015, guid: 2e333cc3af1905e4cbf204c2d5644733, type: 3}
      propertyPath: m_Name
      value: Boss Variant
      objectReference: {fileID: 0}
    - target: {fileID: 597479066857802629, guid: 2e333cc3af1905e4cbf204c2d5644733, type: 3}
      propertyPath: m_RootOrder
      value: 2
      objectReference: {fileID: 0}
    - target: {fileID: 597479066857802629, guid: 2e333cc3af1905e4cbf204c2d5644733, type: 3}
      propertyPath: m_LocalPosition.x
      value: 99.83
      objectReference: {fileID: 0}
    - target: {fileID: 597479066857802629, guid: 2e333cc3af1905e4cbf204c2d5644733, type: 3}
      propertyPath: m_LocalPosition.y
      value: 0.25000763
      objectReference: {fileID: 0}
    - target: {fileID: 597479066857802629, guid: 2e333cc3af1905e4cbf204c2d5644733, type: 3}
      propertyPath: m_LocalPosition.z
      value: -5.89
      objectReference: {fileID: 0}
    - target: {fileID: 597479066857802629, guid: 2e333cc3af1905e4cbf204c2d5644733, type: 3}
      propertyPath: m_LocalRotation.w
      value: 0.7071068
      objectReference: {fileID: 0}
    - target: {fileID: 597479066857802629, guid: 2e333cc3af1905e4cbf204c2d5644733, type: 3}
      propertyPath: m_LocalRotation.x
      value: 0
      objectReference: {fileID: 0}
    - target: {fileID: 597479066857802629, guid: 2e333cc3af1905e4cbf204c2d5644733, type: 3}
      propertyPath: m_LocalRotation.y
      value: -0.7071068
      objectReference: {fileID: 0}
    - target: {fileID: 597479066857802629, guid: 2e333cc3af1905e4cbf204c2d5644733, type: 3}
      propertyPath: m_LocalRotation.z
      value: 0
      objectReference: {fileID: 0}
    - target: {fileID: 597479066857802629, guid: 2e333cc3af1905e4cbf204c2d5644733, type: 3}
      propertyPath: m_LocalEulerAnglesHint.x
      value: 0
      objectReference: {fileID: 0}
    - target: {fileID: 597479066857802629, guid: 2e333cc3af1905e4cbf204c2d5644733, type: 3}
      propertyPath: m_LocalEulerAnglesHint.y
      value: -90
      objectReference: {fileID: 0}
    - target: {fileID: 597479066857802629, guid: 2e333cc3af1905e4cbf204c2d5644733, type: 3}
      propertyPath: m_LocalEulerAnglesHint.z
      value: 0
      objectReference: {fileID: 0}
    - target: {fileID: 1344145005932598935, guid: 2e333cc3af1905e4cbf204c2d5644733, type: 3}
      propertyPath: dieSound
      value: 
      objectReference: {fileID: 8300000, guid: c5d72c581b829564f9e22b9de926193b, type: 3}
    - target: {fileID: 1344145005932598935, guid: 2e333cc3af1905e4cbf204c2d5644733, type: 3}
      propertyPath: hitReact
      value: 
      objectReference: {fileID: 8300000, guid: c5d72c581b829564f9e22b9de926193b, type: 3}
    - target: {fileID: 1344145005932598935, guid: 2e333cc3af1905e4cbf204c2d5644733, type: 3}
      propertyPath: EnemyMaxHealth
      value: 1000
      objectReference: {fileID: 0}
    - target: {fileID: 1406431282246707653, guid: 2e333cc3af1905e4cbf204c2d5644733, type: 3}
      propertyPath: m_Constraints
      value: 124
      objectReference: {fileID: 0}
    - target: {fileID: 6193880029366499873, guid: 2e333cc3af1905e4cbf204c2d5644733, type: 3}
      propertyPath: m_Enabled
      value: 0
      objectReference: {fileID: 0}
    - target: {fileID: 6193880029366499873, guid: 2e333cc3af1905e4cbf204c2d5644733, type: 3}
      propertyPath: m_IsTrigger
      value: 0
      objectReference: {fileID: 0}
    m_RemovedComponents:
    - {fileID: 6193880029366499873, guid: 2e333cc3af1905e4cbf204c2d5644733, type: 3}
  m_SourcePrefab: {fileID: 100100000, guid: 2e333cc3af1905e4cbf204c2d5644733, type: 3}
--- !u!1 &614514954
GameObject:
  m_ObjectHideFlags: 0
  m_CorrespondingSourceObject: {fileID: 0}
  m_PrefabInstance: {fileID: 0}
  m_PrefabAsset: {fileID: 0}
  serializedVersion: 6
  m_Component:
  - component: {fileID: 614514956}
  - component: {fileID: 614514955}
  m_Layer: 0
  m_Name: CM vcam1
  m_TagString: Untagged
  m_Icon: {fileID: 0}
  m_NavMeshLayer: 0
  m_StaticEditorFlags: 0
  m_IsActive: 1
--- !u!114 &614514955
MonoBehaviour:
  m_ObjectHideFlags: 0
  m_CorrespondingSourceObject: {fileID: 0}
  m_PrefabInstance: {fileID: 0}
  m_PrefabAsset: {fileID: 0}
  m_GameObject: {fileID: 614514954}
  m_Enabled: 1
  m_EditorHideFlags: 0
  m_Script: {fileID: 11500000, guid: 45e653bab7fb20e499bda25e1b646fea, type: 3}
  m_Name: 
  m_EditorClassIdentifier: 
  m_ExcludedPropertiesInInspector:
  - m_Script
  m_LockStageInInspector: 
  m_StreamingVersion: 20170927
  m_Priority: 10
  m_StandbyUpdate: 2
  m_LookAt: {fileID: 0}
  m_Follow: {fileID: 2068683558}
  m_Lens:
    FieldOfView: 60
    OrthographicSize: 5
    NearClipPlane: 0.3
    FarClipPlane: 1000
    Dutch: 0
    ModeOverride: 0
    LensShift: {x: 0, y: 0}
    GateFit: 2
    m_SensorSize: {x: 1, y: 1}
  m_Transitions:
    m_BlendHint: 3
    m_InheritPosition: 0
    m_OnCameraLive:
      m_PersistentCalls:
        m_Calls: []
  m_LegacyBlendHint: 0
  m_ComponentOwner: {fileID: 1355807056}
--- !u!4 &614514956
Transform:
  m_ObjectHideFlags: 0
  m_CorrespondingSourceObject: {fileID: 0}
  m_PrefabInstance: {fileID: 0}
  m_PrefabAsset: {fileID: 0}
  m_GameObject: {fileID: 614514954}
  m_LocalRotation: {x: 0.4879996, y: 0.5115731, z: -0.4852472, w: 0.514475}
  m_LocalPosition: {x: 63.19, y: 67.1, z: -4.14}
  m_LocalScale: {x: 1, y: 1, z: 1}
  m_ConstrainProportionsScale: 0
  m_Children:
  - {fileID: 1355807056}
  m_Father: {fileID: 0}
  m_RootOrder: 6
  m_LocalEulerAnglesHint: {x: 86.974, y: -270.324, z: 0}
--- !u!1001 &995173539
PrefabInstance:
  m_ObjectHideFlags: 0
  serializedVersion: 2
  m_Modification:
    m_TransformParent: {fileID: 0}
    m_Modifications:
    - target: {fileID: 1536740900523480418, guid: 20e3f71a4f4d6734c8e0c5acb7fef63b, type: 3}
      propertyPath: m_RootOrder
      value: 15
      objectReference: {fileID: 0}
    - target: {fileID: 1536740900523480418, guid: 20e3f71a4f4d6734c8e0c5acb7fef63b, type: 3}
      propertyPath: m_LocalPosition.x
      value: 327.29346
      objectReference: {fileID: 0}
    - target: {fileID: 1536740900523480418, guid: 20e3f71a4f4d6734c8e0c5acb7fef63b, type: 3}
      propertyPath: m_LocalPosition.y
      value: 167.17688
      objectReference: {fileID: 0}
    - target: {fileID: 1536740900523480418, guid: 20e3f71a4f4d6734c8e0c5acb7fef63b, type: 3}
      propertyPath: m_LocalPosition.z
      value: 929.6183
      objectReference: {fileID: 0}
    - target: {fileID: 1536740900523480418, guid: 20e3f71a4f4d6734c8e0c5acb7fef63b, type: 3}
      propertyPath: m_LocalRotation.w
      value: 1
      objectReference: {fileID: 0}
    - target: {fileID: 1536740900523480418, guid: 20e3f71a4f4d6734c8e0c5acb7fef63b, type: 3}
      propertyPath: m_LocalRotation.x
      value: 0
      objectReference: {fileID: 0}
    - target: {fileID: 1536740900523480418, guid: 20e3f71a4f4d6734c8e0c5acb7fef63b, type: 3}
      propertyPath: m_LocalRotation.y
      value: 0
      objectReference: {fileID: 0}
    - target: {fileID: 1536740900523480418, guid: 20e3f71a4f4d6734c8e0c5acb7fef63b, type: 3}
      propertyPath: m_LocalRotation.z
      value: 0
      objectReference: {fileID: 0}
    - target: {fileID: 1536740900523480418, guid: 20e3f71a4f4d6734c8e0c5acb7fef63b, type: 3}
      propertyPath: m_LocalEulerAnglesHint.x
      value: 0
      objectReference: {fileID: 0}
    - target: {fileID: 1536740900523480418, guid: 20e3f71a4f4d6734c8e0c5acb7fef63b, type: 3}
      propertyPath: m_LocalEulerAnglesHint.y
      value: 0
      objectReference: {fileID: 0}
    - target: {fileID: 1536740900523480418, guid: 20e3f71a4f4d6734c8e0c5acb7fef63b, type: 3}
      propertyPath: m_LocalEulerAnglesHint.z
      value: 0
      objectReference: {fileID: 0}
    - target: {fileID: 1536740900523480444, guid: 20e3f71a4f4d6734c8e0c5acb7fef63b, type: 3}
      propertyPath: m_Name
      value: Anmo
      objectReference: {fileID: 0}
    - target: {fileID: 1536740900523480445, guid: 20e3f71a4f4d6734c8e0c5acb7fef63b, type: 3}
      propertyPath: score_text
      value: 
      objectReference: {fileID: 126981449}
    m_RemovedComponents: []
  m_SourcePrefab: {fileID: 100100000, guid: 20e3f71a4f4d6734c8e0c5acb7fef63b, type: 3}
--- !u!1001 &1002927476
PrefabInstance:
  m_ObjectHideFlags: 0
  serializedVersion: 2
  m_Modification:
    m_TransformParent: {fileID: 0}
    m_Modifications:
    - target: {fileID: 4425047332559939405, guid: 6dbaba9d21df2964abd954d72b16849d, type: 3}
      propertyPath: Enmey_Prefab
      value: 
      objectReference: {fileID: 7060269356885679952, guid: ffff3e3c54adbb04fabf2d5c52f2e7b5, type: 3}
    - target: {fileID: 4425047332559939406, guid: 6dbaba9d21df2964abd954d72b16849d, type: 3}
      propertyPath: m_RootOrder
      value: 1
      objectReference: {fileID: 0}
    - target: {fileID: 4425047332559939406, guid: 6dbaba9d21df2964abd954d72b16849d, type: 3}
      propertyPath: m_LocalPosition.x
      value: 97.80925
      objectReference: {fileID: 0}
    - target: {fileID: 4425047332559939406, guid: 6dbaba9d21df2964abd954d72b16849d, type: 3}
      propertyPath: m_LocalPosition.y
      value: 0.25000763
      objectReference: {fileID: 0}
    - target: {fileID: 4425047332559939406, guid: 6dbaba9d21df2964abd954d72b16849d, type: 3}
      propertyPath: m_LocalPosition.z
      value: -30.35
      objectReference: {fileID: 0}
    - target: {fileID: 4425047332559939406, guid: 6dbaba9d21df2964abd954d72b16849d, type: 3}
      propertyPath: m_LocalRotation.w
      value: 1
      objectReference: {fileID: 0}
    - target: {fileID: 4425047332559939406, guid: 6dbaba9d21df2964abd954d72b16849d, type: 3}
      propertyPath: m_LocalRotation.x
      value: 0
      objectReference: {fileID: 0}
    - target: {fileID: 4425047332559939406, guid: 6dbaba9d21df2964abd954d72b16849d, type: 3}
      propertyPath: m_LocalRotation.y
      value: 0
      objectReference: {fileID: 0}
    - target: {fileID: 4425047332559939406, guid: 6dbaba9d21df2964abd954d72b16849d, type: 3}
      propertyPath: m_LocalRotation.z
      value: 0
      objectReference: {fileID: 0}
    - target: {fileID: 4425047332559939406, guid: 6dbaba9d21df2964abd954d72b16849d, type: 3}
      propertyPath: m_LocalEulerAnglesHint.x
      value: 0
      objectReference: {fileID: 0}
    - target: {fileID: 4425047332559939406, guid: 6dbaba9d21df2964abd954d72b16849d, type: 3}
      propertyPath: m_LocalEulerAnglesHint.y
      value: 0
      objectReference: {fileID: 0}
    - target: {fileID: 4425047332559939406, guid: 6dbaba9d21df2964abd954d72b16849d, type: 3}
      propertyPath: m_LocalEulerAnglesHint.z
      value: 0
      objectReference: {fileID: 0}
    - target: {fileID: 4425047332559939407, guid: 6dbaba9d21df2964abd954d72b16849d, type: 3}
      propertyPath: m_Name
      value: SpawnEnemy 1
      objectReference: {fileID: 0}
    m_RemovedComponents: []
  m_SourcePrefab: {fileID: 100100000, guid: 6dbaba9d21df2964abd954d72b16849d, type: 3}
--- !u!1001 &1049952352
PrefabInstance:
  m_ObjectHideFlags: 0
  serializedVersion: 2
  m_Modification:
    m_TransformParent: {fileID: 0}
    m_Modifications:
    - target: {fileID: 4122157071390919892, guid: 0418371ac4735fc418c1a8514ac62064, type: 3}
      propertyPath: m_audioClip
      value: 
      objectReference: {fileID: 8300000, guid: 3f591d199be30954d83f5e78eb137a3f, type: 3}
    - target: {fileID: 4122157071390919893, guid: 0418371ac4735fc418c1a8514ac62064, type: 3}
      propertyPath: m_Name
      value: AudioBox
      objectReference: {fileID: 0}
    - target: {fileID: 4122157071390919895, guid: 0418371ac4735fc418c1a8514ac62064, type: 3}
      propertyPath: m_RootOrder
      value: 18
      objectReference: {fileID: 0}
    - target: {fileID: 4122157071390919895, guid: 0418371ac4735fc418c1a8514ac62064, type: 3}
      propertyPath: m_LocalPosition.x
      value: 571.1991
      objectReference: {fileID: 0}
    - target: {fileID: 4122157071390919895, guid: 0418371ac4735fc418c1a8514ac62064, type: 3}
      propertyPath: m_LocalPosition.y
      value: 283.16678
      objectReference: {fileID: 0}
    - target: {fileID: 4122157071390919895, guid: 0418371ac4735fc418c1a8514ac62064, type: 3}
      propertyPath: m_LocalPosition.z
      value: 1089.5021
      objectReference: {fileID: 0}
    - target: {fileID: 4122157071390919895, guid: 0418371ac4735fc418c1a8514ac62064, type: 3}
      propertyPath: m_LocalRotation.w
      value: 1
      objectReference: {fileID: 0}
    - target: {fileID: 4122157071390919895, guid: 0418371ac4735fc418c1a8514ac62064, type: 3}
      propertyPath: m_LocalRotation.x
      value: 0
      objectReference: {fileID: 0}
    - target: {fileID: 4122157071390919895, guid: 0418371ac4735fc418c1a8514ac62064, type: 3}
      propertyPath: m_LocalRotation.y
      value: 0
      objectReference: {fileID: 0}
    - target: {fileID: 4122157071390919895, guid: 0418371ac4735fc418c1a8514ac62064, type: 3}
      propertyPath: m_LocalRotation.z
      value: 0
      objectReference: {fileID: 0}
    - target: {fileID: 4122157071390919895, guid: 0418371ac4735fc418c1a8514ac62064, type: 3}
      propertyPath: m_LocalEulerAnglesHint.x
      value: 0
      objectReference: {fileID: 0}
    - target: {fileID: 4122157071390919895, guid: 0418371ac4735fc418c1a8514ac62064, type: 3}
      propertyPath: m_LocalEulerAnglesHint.y
      value: 0
      objectReference: {fileID: 0}
    - target: {fileID: 4122157071390919895, guid: 0418371ac4735fc418c1a8514ac62064, type: 3}
      propertyPath: m_LocalEulerAnglesHint.z
      value: 0
      objectReference: {fileID: 0}
    m_RemovedComponents: []
  m_SourcePrefab: {fileID: 100100000, guid: 0418371ac4735fc418c1a8514ac62064, type: 3}
--- !u!1 &1068543316
GameObject:
  m_ObjectHideFlags: 0
  m_CorrespondingSourceObject: {fileID: 0}
  m_PrefabInstance: {fileID: 0}
  m_PrefabAsset: {fileID: 0}
  serializedVersion: 6
  m_Component:
  - component: {fileID: 1068543319}
  - component: {fileID: 1068543318}
  - component: {fileID: 1068543317}
  - component: {fileID: 1068543320}
  m_Layer: 0
  m_Name: Main Camera
  m_TagString: MainCamera
  m_Icon: {fileID: 0}
  m_NavMeshLayer: 0
  m_StaticEditorFlags: 0
  m_IsActive: 1
--- !u!81 &1068543317
AudioListener:
  m_ObjectHideFlags: 0
  m_CorrespondingSourceObject: {fileID: 0}
  m_PrefabInstance: {fileID: 0}
  m_PrefabAsset: {fileID: 0}
  m_GameObject: {fileID: 1068543316}
  m_Enabled: 1
--- !u!20 &1068543318
Camera:
  m_ObjectHideFlags: 0
  m_CorrespondingSourceObject: {fileID: 0}
  m_PrefabInstance: {fileID: 0}
  m_PrefabAsset: {fileID: 0}
  m_GameObject: {fileID: 1068543316}
  m_Enabled: 1
  serializedVersion: 2
  m_ClearFlags: 1
  m_BackGroundColor: {r: 0.19215687, g: 0.3019608, b: 0.4745098, a: 0}
  m_projectionMatrixMode: 1
  m_GateFitMode: 2
  m_FOVAxisMode: 0
  m_SensorSize: {x: 36, y: 24}
  m_LensShift: {x: 0, y: 0}
  m_FocalLength: 50
  m_NormalizedViewPortRect:
    serializedVersion: 2
    x: 0
    y: 0
    width: 1
    height: 1
  near clip plane: 0.3
  far clip plane: 1000
  field of view: 60
  orthographic: 0
  orthographic size: 5
  m_Depth: -1
  m_CullingMask:
    serializedVersion: 2
    m_Bits: 4294967295
  m_RenderingPath: -1
  m_TargetTexture: {fileID: 0}
  m_TargetDisplay: 0
  m_TargetEye: 3
  m_HDR: 1
  m_AllowMSAA: 1
  m_AllowDynamicResolution: 0
  m_ForceIntoRT: 0
  m_OcclusionCulling: 1
  m_StereoConvergence: 10
  m_StereoSeparation: 0.022
--- !u!4 &1068543319
Transform:
  m_ObjectHideFlags: 0
  m_CorrespondingSourceObject: {fileID: 0}
  m_PrefabInstance: {fileID: 0}
  m_PrefabAsset: {fileID: 0}
  m_GameObject: {fileID: 1068543316}
  m_LocalRotation: {x: 0.4879996, y: 0.5115731, z: -0.4852472, w: 0.514475}
  m_LocalPosition: {x: 63.19, y: 67.1, z: -4.14}
  m_LocalScale: {x: 1, y: 1, z: 1}
  m_ConstrainProportionsScale: 0
  m_Children: []
  m_Father: {fileID: 0}
  m_RootOrder: 0
  m_LocalEulerAnglesHint: {x: 86.974, y: -179.691, z: 0}
--- !u!114 &1068543320
MonoBehaviour:
  m_ObjectHideFlags: 0
  m_CorrespondingSourceObject: {fileID: 0}
  m_PrefabInstance: {fileID: 0}
  m_PrefabAsset: {fileID: 0}
  m_GameObject: {fileID: 1068543316}
  m_Enabled: 1
  m_EditorHideFlags: 0
  m_Script: {fileID: 11500000, guid: 72ece51f2901e7445ab60da3685d6b5f, type: 3}
  m_Name: 
  m_EditorClassIdentifier: 
  m_ShowDebugText: 0
  m_ShowCameraFrustum: 1
  m_IgnoreTimeScale: 0
  m_WorldUpOverride: {fileID: 0}
  m_UpdateMethod: 2
  m_BlendUpdateMethod: 1
  m_DefaultBlend:
    m_Style: 1
    m_Time: 2
    m_CustomCurve:
      serializedVersion: 2
      m_Curve: []
      m_PreInfinity: 2
      m_PostInfinity: 2
      m_RotationOrder: 4
  m_CustomBlends: {fileID: 0}
  m_CameraCutEvent:
    m_PersistentCalls:
      m_Calls: []
  m_CameraActivatedEvent:
    m_PersistentCalls:
      m_Calls: []
--- !u!1001 &1087311312
PrefabInstance:
  m_ObjectHideFlags: 0
  serializedVersion: 2
  m_Modification:
    m_TransformParent: {fileID: 0}
    m_Modifications:
    - target: {fileID: 866005821566766440, guid: e077e91ad36c4534393e0747aeb4a568, type: 3}
      propertyPath: m_AnchorMax.x
      value: 0
      objectReference: {fileID: 0}
    - target: {fileID: 866005821566766440, guid: e077e91ad36c4534393e0747aeb4a568, type: 3}
      propertyPath: m_AnchorMax.y
      value: 0
      objectReference: {fileID: 0}
    - target: {fileID: 3582825845436984007, guid: e077e91ad36c4534393e0747aeb4a568, type: 3}
      propertyPath: m_Pivot.x
      value: 0
      objectReference: {fileID: 0}
    - target: {fileID: 3582825845436984007, guid: e077e91ad36c4534393e0747aeb4a568, type: 3}
      propertyPath: m_Pivot.y
      value: 0
      objectReference: {fileID: 0}
    - target: {fileID: 3582825845436984007, guid: e077e91ad36c4534393e0747aeb4a568, type: 3}
      propertyPath: m_RootOrder
      value: 14
      objectReference: {fileID: 0}
    - target: {fileID: 3582825845436984007, guid: e077e91ad36c4534393e0747aeb4a568, type: 3}
      propertyPath: m_AnchorMax.x
      value: 0
      objectReference: {fileID: 0}
    - target: {fileID: 3582825845436984007, guid: e077e91ad36c4534393e0747aeb4a568, type: 3}
      propertyPath: m_AnchorMax.y
      value: 0
      objectReference: {fileID: 0}
    - target: {fileID: 3582825845436984007, guid: e077e91ad36c4534393e0747aeb4a568, type: 3}
      propertyPath: m_AnchorMin.x
      value: 0
      objectReference: {fileID: 0}
    - target: {fileID: 3582825845436984007, guid: e077e91ad36c4534393e0747aeb4a568, type: 3}
      propertyPath: m_AnchorMin.y
      value: 0
      objectReference: {fileID: 0}
    - target: {fileID: 3582825845436984007, guid: e077e91ad36c4534393e0747aeb4a568, type: 3}
      propertyPath: m_SizeDelta.x
      value: 0
      objectReference: {fileID: 0}
    - target: {fileID: 3582825845436984007, guid: e077e91ad36c4534393e0747aeb4a568, type: 3}
      propertyPath: m_SizeDelta.y
      value: 0
      objectReference: {fileID: 0}
    - target: {fileID: 3582825845436984007, guid: e077e91ad36c4534393e0747aeb4a568, type: 3}
      propertyPath: m_LocalPosition.x
      value: 0
      objectReference: {fileID: 0}
    - target: {fileID: 3582825845436984007, guid: e077e91ad36c4534393e0747aeb4a568, type: 3}
      propertyPath: m_LocalPosition.y
      value: 0
      objectReference: {fileID: 0}
    - target: {fileID: 3582825845436984007, guid: e077e91ad36c4534393e0747aeb4a568, type: 3}
      propertyPath: m_LocalPosition.z
      value: 0
      objectReference: {fileID: 0}
    - target: {fileID: 3582825845436984007, guid: e077e91ad36c4534393e0747aeb4a568, type: 3}
      propertyPath: m_LocalRotation.w
      value: 1
      objectReference: {fileID: 0}
    - target: {fileID: 3582825845436984007, guid: e077e91ad36c4534393e0747aeb4a568, type: 3}
      propertyPath: m_LocalRotation.x
      value: 0
      objectReference: {fileID: 0}
    - target: {fileID: 3582825845436984007, guid: e077e91ad36c4534393e0747aeb4a568, type: 3}
      propertyPath: m_LocalRotation.y
      value: 0
      objectReference: {fileID: 0}
    - target: {fileID: 3582825845436984007, guid: e077e91ad36c4534393e0747aeb4a568, type: 3}
      propertyPath: m_LocalRotation.z
      value: 0
      objectReference: {fileID: 0}
    - target: {fileID: 3582825845436984007, guid: e077e91ad36c4534393e0747aeb4a568, type: 3}
      propertyPath: m_AnchoredPosition.x
      value: 0
      objectReference: {fileID: 0}
    - target: {fileID: 3582825845436984007, guid: e077e91ad36c4534393e0747aeb4a568, type: 3}
      propertyPath: m_AnchoredPosition.y
      value: 0
      objectReference: {fileID: 0}
    - target: {fileID: 3582825845436984007, guid: e077e91ad36c4534393e0747aeb4a568, type: 3}
      propertyPath: m_LocalEulerAnglesHint.x
      value: 0
      objectReference: {fileID: 0}
    - target: {fileID: 3582825845436984007, guid: e077e91ad36c4534393e0747aeb4a568, type: 3}
      propertyPath: m_LocalEulerAnglesHint.y
      value: 0
      objectReference: {fileID: 0}
    - target: {fileID: 3582825845436984007, guid: e077e91ad36c4534393e0747aeb4a568, type: 3}
      propertyPath: m_LocalEulerAnglesHint.z
      value: 0
      objectReference: {fileID: 0}
    - target: {fileID: 3582825845436984011, guid: e077e91ad36c4534393e0747aeb4a568, type: 3}
      propertyPath: m_Name
      value: Canvas
      objectReference: {fileID: 0}
    - target: {fileID: 3582825845503453301, guid: e077e91ad36c4534393e0747aeb4a568, type: 3}
      propertyPath: m_OnClick.m_PersistentCalls.m_Calls.Array.size
      value: 2
      objectReference: {fileID: 0}
    - target: {fileID: 3582825845503453301, guid: e077e91ad36c4534393e0747aeb4a568, type: 3}
      propertyPath: m_OnClick.m_PersistentCalls.m_Calls.Array.data[1].m_Mode
      value: 1
      objectReference: {fileID: 0}
    - target: {fileID: 3582825845503453301, guid: e077e91ad36c4534393e0747aeb4a568, type: 3}
      propertyPath: m_OnClick.m_PersistentCalls.m_Calls.Array.data[0].m_Target
      value: 
      objectReference: {fileID: 1867148316}
    - target: {fileID: 3582825845503453301, guid: e077e91ad36c4534393e0747aeb4a568, type: 3}
      propertyPath: m_OnClick.m_PersistentCalls.m_Calls.Array.data[1].m_Target
      value: 
      objectReference: {fileID: 1997754159}
    - target: {fileID: 3582825845503453301, guid: e077e91ad36c4534393e0747aeb4a568, type: 3}
      propertyPath: m_OnClick.m_PersistentCalls.m_Calls.Array.data[1].m_CallState
      value: 2
      objectReference: {fileID: 0}
    - target: {fileID: 3582825845503453301, guid: e077e91ad36c4534393e0747aeb4a568, type: 3}
      propertyPath: m_OnClick.m_PersistentCalls.m_Calls.Array.data[0].m_MethodName
      value: LoadSceneAdditive
      objectReference: {fileID: 0}
    - target: {fileID: 3582825845503453301, guid: e077e91ad36c4534393e0747aeb4a568, type: 3}
      propertyPath: m_OnClick.m_PersistentCalls.m_Calls.Array.data[1].m_MethodName
      value: Play
      objectReference: {fileID: 0}
    - target: {fileID: 3582825845503453301, guid: e077e91ad36c4534393e0747aeb4a568, type: 3}
      propertyPath: m_OnClick.m_PersistentCalls.m_Calls.Array.data[1].m_TargetAssemblyTypeName
      value: UnityEngine.AudioSource, UnityEngine
      objectReference: {fileID: 0}
    - target: {fileID: 3582825845503453301, guid: e077e91ad36c4534393e0747aeb4a568, type: 3}
      propertyPath: m_OnClick.m_PersistentCalls.m_Calls.Array.data[1].m_Arguments.m_ObjectArgumentAssemblyTypeName
      value: UnityEngine.Object, UnityEngine
      objectReference: {fileID: 0}
    - target: {fileID: 3582825845542866592, guid: e077e91ad36c4534393e0747aeb4a568, type: 3}
      propertyPath: m_AnchorMax.x
      value: 0
      objectReference: {fileID: 0}
    - target: {fileID: 3582825845542866592, guid: e077e91ad36c4534393e0747aeb4a568, type: 3}
      propertyPath: m_AnchorMax.y
      value: 0
      objectReference: {fileID: 0}
    m_RemovedComponents: []
  m_SourcePrefab: {fileID: 100100000, guid: e077e91ad36c4534393e0747aeb4a568, type: 3}
--- !u!114 &1087311313 stripped
MonoBehaviour:
  m_CorrespondingSourceObject: {fileID: 866005820277440497, guid: e077e91ad36c4534393e0747aeb4a568, type: 3}
  m_PrefabInstance: {fileID: 1087311312}
  m_PrefabAsset: {fileID: 0}
  m_GameObject: {fileID: 2042732822}
  m_Enabled: 1
  m_EditorHideFlags: 0
  m_Script: {fileID: 11500000, guid: 67db9e8f0e2ae9c40bc1e2b64352a6b4, type: 3}
  m_Name: 
  m_EditorClassIdentifier: 
--- !u!114 &1087311314 stripped
MonoBehaviour:
  m_CorrespondingSourceObject: {fileID: 3582825845693910915, guid: e077e91ad36c4534393e0747aeb4a568, type: 3}
  m_PrefabInstance: {fileID: 1087311312}
  m_PrefabAsset: {fileID: 0}
  m_GameObject: {fileID: 0}
  m_Enabled: 1
  m_EditorHideFlags: 0
  m_Script: {fileID: 11500000, guid: 5f7201a12d95ffc409449d95f23cf332, type: 3}
  m_Name: 
  m_EditorClassIdentifier: 
--- !u!114 &1087311315 stripped
MonoBehaviour:
  m_CorrespondingSourceObject: {fileID: 3582825844774630160, guid: e077e91ad36c4534393e0747aeb4a568, type: 3}
  m_PrefabInstance: {fileID: 1087311312}
  m_PrefabAsset: {fileID: 0}
  m_GameObject: {fileID: 0}
  m_Enabled: 1
  m_EditorHideFlags: 0
  m_Script: {fileID: 11500000, guid: 5f7201a12d95ffc409449d95f23cf332, type: 3}
  m_Name: 
  m_EditorClassIdentifier: 
--- !u!1001 &1134915473
PrefabInstance:
  m_ObjectHideFlags: 0
  serializedVersion: 2
  m_Modification:
    m_TransformParent: {fileID: 0}
    m_Modifications:
    - target: {fileID: 1897245816544027384, guid: bb7df67aae6829f4e9b64dce16f9d6b8, type: 3}
      propertyPath: m_Name
      value: HealthplayerBar
      objectReference: {fileID: 0}
    - target: {fileID: 1897245816544027386, guid: bb7df67aae6829f4e9b64dce16f9d6b8, type: 3}
      propertyPath: m_RootOrder
      value: 10
      objectReference: {fileID: 0}
    - target: {fileID: 1897245816544027386, guid: bb7df67aae6829f4e9b64dce16f9d6b8, type: 3}
      propertyPath: m_LocalPosition.x
      value: -6.39794
      objectReference: {fileID: 0}
    - target: {fileID: 1897245816544027386, guid: bb7df67aae6829f4e9b64dce16f9d6b8, type: 3}
      propertyPath: m_LocalPosition.y
      value: 3.87
      objectReference: {fileID: 0}
    - target: {fileID: 1897245816544027386, guid: bb7df67aae6829f4e9b64dce16f9d6b8, type: 3}
      propertyPath: m_LocalPosition.z
      value: 3.1921601
      objectReference: {fileID: 0}
    - target: {fileID: 1897245816544027386, guid: bb7df67aae6829f4e9b64dce16f9d6b8, type: 3}
      propertyPath: m_LocalRotation.w
      value: 1
      objectReference: {fileID: 0}
    - target: {fileID: 1897245816544027386, guid: bb7df67aae6829f4e9b64dce16f9d6b8, type: 3}
      propertyPath: m_LocalRotation.x
      value: 0
      objectReference: {fileID: 0}
    - target: {fileID: 1897245816544027386, guid: bb7df67aae6829f4e9b64dce16f9d6b8, type: 3}
      propertyPath: m_LocalRotation.y
      value: 0
      objectReference: {fileID: 0}
    - target: {fileID: 1897245816544027386, guid: bb7df67aae6829f4e9b64dce16f9d6b8, type: 3}
      propertyPath: m_LocalRotation.z
      value: 0
      objectReference: {fileID: 0}
    - target: {fileID: 1897245816544027386, guid: bb7df67aae6829f4e9b64dce16f9d6b8, type: 3}
      propertyPath: m_LocalEulerAnglesHint.x
      value: 0
      objectReference: {fileID: 0}
    - target: {fileID: 1897245816544027386, guid: bb7df67aae6829f4e9b64dce16f9d6b8, type: 3}
      propertyPath: m_LocalEulerAnglesHint.y
      value: 0
      objectReference: {fileID: 0}
    - target: {fileID: 1897245816544027386, guid: bb7df67aae6829f4e9b64dce16f9d6b8, type: 3}
      propertyPath: m_LocalEulerAnglesHint.z
      value: 0
      objectReference: {fileID: 0}
    - target: {fileID: 1897245816544027387, guid: bb7df67aae6829f4e9b64dce16f9d6b8, type: 3}
      propertyPath: healbar
      value: 
      objectReference: {fileID: 278029448}
    - target: {fileID: 1897245816544027388, guid: bb7df67aae6829f4e9b64dce16f9d6b8, type: 3}
      propertyPath: MyArmor
      value: 
      objectReference: {fileID: 2042732822}
    - target: {fileID: 1897245816544027388, guid: bb7df67aae6829f4e9b64dce16f9d6b8, type: 3}
      propertyPath: armorbar
      value: 
      objectReference: {fileID: 1087311313}
    m_RemovedComponents: []
  m_SourcePrefab: {fileID: 100100000, guid: bb7df67aae6829f4e9b64dce16f9d6b8, type: 3}
--- !u!1 &1223519102
GameObject:
  m_ObjectHideFlags: 0
  m_CorrespondingSourceObject: {fileID: 0}
  m_PrefabInstance: {fileID: 0}
  m_PrefabAsset: {fileID: 0}
  serializedVersion: 6
  m_Component:
  - component: {fileID: 1223519105}
  - component: {fileID: 1223519104}
  - component: {fileID: 1223519103}
  m_Layer: 0
  m_Name: EventSystem
  m_TagString: Untagged
  m_Icon: {fileID: 0}
  m_NavMeshLayer: 0
  m_StaticEditorFlags: 0
  m_IsActive: 1
--- !u!114 &1223519103
MonoBehaviour:
  m_ObjectHideFlags: 0
  m_CorrespondingSourceObject: {fileID: 0}
  m_PrefabInstance: {fileID: 0}
  m_PrefabAsset: {fileID: 0}
  m_GameObject: {fileID: 1223519102}
  m_Enabled: 1
  m_EditorHideFlags: 0
  m_Script: {fileID: 11500000, guid: 4f231c4fb786f3946a6b90b886c48677, type: 3}
  m_Name: 
  m_EditorClassIdentifier: 
  m_SendPointerHoverToParent: 1
  m_HorizontalAxis: Horizontal
  m_VerticalAxis: Vertical
  m_SubmitButton: Submit
  m_CancelButton: Cancel
  m_InputActionsPerSecond: 10
  m_RepeatDelay: 0.5
  m_ForceModuleActive: 0
--- !u!114 &1223519104
MonoBehaviour:
  m_ObjectHideFlags: 0
  m_CorrespondingSourceObject: {fileID: 0}
  m_PrefabInstance: {fileID: 0}
  m_PrefabAsset: {fileID: 0}
  m_GameObject: {fileID: 1223519102}
  m_Enabled: 1
  m_EditorHideFlags: 0
  m_Script: {fileID: 11500000, guid: 76c392e42b5098c458856cdf6ecaaaa1, type: 3}
  m_Name: 
  m_EditorClassIdentifier: 
  m_FirstSelected: {fileID: 0}
  m_sendNavigationEvents: 1
  m_DragThreshold: 10
--- !u!4 &1223519105
Transform:
  m_ObjectHideFlags: 0
  m_CorrespondingSourceObject: {fileID: 0}
  m_PrefabInstance: {fileID: 0}
  m_PrefabAsset: {fileID: 0}
  m_GameObject: {fileID: 1223519102}
  m_LocalRotation: {x: 0, y: 0, z: 0, w: 1}
  m_LocalPosition: {x: 0, y: 0, z: 0}
  m_LocalScale: {x: 1, y: 1, z: 1}
  m_ConstrainProportionsScale: 0
  m_Children: []
  m_Father: {fileID: 0}
  m_RootOrder: 8
  m_LocalEulerAnglesHint: {x: 0, y: 0, z: 0}
--- !u!1 &1355807055
GameObject:
  m_ObjectHideFlags: 3
  m_CorrespondingSourceObject: {fileID: 0}
  m_PrefabInstance: {fileID: 0}
  m_PrefabAsset: {fileID: 0}
  serializedVersion: 6
  m_Component:
  - component: {fileID: 1355807056}
  - component: {fileID: 1355807059}
  - component: {fileID: 1355807058}
  - component: {fileID: 1355807057}
  m_Layer: 0
  m_Name: cm
  m_TagString: Untagged
  m_Icon: {fileID: 0}
  m_NavMeshLayer: 0
  m_StaticEditorFlags: 0
  m_IsActive: 1
--- !u!4 &1355807056
Transform:
  m_ObjectHideFlags: 3
  m_CorrespondingSourceObject: {fileID: 0}
  m_PrefabInstance: {fileID: 0}
  m_PrefabAsset: {fileID: 0}
  m_GameObject: {fileID: 1355807055}
  m_LocalRotation: {x: 0.10269378, y: -0.0775014, z: -0.00802877, w: 0.9916567}
  m_LocalPosition: {x: -3.9418812, y: -10.485746, z: 18.9647}
  m_LocalScale: {x: 1, y: 1, z: 1}
  m_ConstrainProportionsScale: 0
  m_Children: []
  m_Father: {fileID: 614514956}
  m_RootOrder: 0
  m_LocalEulerAnglesHint: {x: 0, y: 0, z: 0}
--- !u!114 &1355807057
MonoBehaviour:
  m_ObjectHideFlags: 3
  m_CorrespondingSourceObject: {fileID: 0}
  m_PrefabInstance: {fileID: 0}
  m_PrefabAsset: {fileID: 0}
  m_GameObject: {fileID: 1355807055}
  m_Enabled: 1
  m_EditorHideFlags: 0
  m_Script: {fileID: 11500000, guid: f4044717213e31446939f7bd49c896ea, type: 3}
  m_Name: 
  m_EditorClassIdentifier: 
  m_TrackedObjectOffset: {x: 0, y: 0, z: 0}
  m_LookaheadTime: 0
  m_LookaheadSmoothing: 0
  m_LookaheadIgnoreY: 0
  m_HorizontalDamping: 0.5
  m_VerticalDamping: 0.5
  m_ScreenX: 0.5
  m_ScreenY: 0.5
  m_DeadZoneWidth: 0
  m_DeadZoneHeight: 0
  m_SoftZoneWidth: 0.8
  m_SoftZoneHeight: 0.8
  m_BiasX: 0
  m_BiasY: 0
  m_CenterOnActivate: 1
--- !u!114 &1355807058
MonoBehaviour:
  m_ObjectHideFlags: 3
  m_CorrespondingSourceObject: {fileID: 0}
  m_PrefabInstance: {fileID: 0}
  m_PrefabAsset: {fileID: 0}
  m_GameObject: {fileID: 1355807055}
  m_Enabled: 1
  m_EditorHideFlags: 0
  m_Script: {fileID: 11500000, guid: fa7155796051b734daa718462081dc5f, type: 3}
  m_Name: 
  m_EditorClassIdentifier: 
  m_BindingMode: 4
  m_FollowOffset: {x: 18.094215, y: 66.84999, z: 0.86}
  m_XDamping: 0
  m_YDamping: 0
  m_ZDamping: 0
  m_AngularDampingMode: 0
  m_PitchDamping: 0
  m_YawDamping: 0
  m_RollDamping: 0
  m_AngularDamping: 0
--- !u!114 &1355807059
MonoBehaviour:
  m_ObjectHideFlags: 3
  m_CorrespondingSourceObject: {fileID: 0}
  m_PrefabInstance: {fileID: 0}
  m_PrefabAsset: {fileID: 0}
  m_GameObject: {fileID: 1355807055}
  m_Enabled: 1
  m_EditorHideFlags: 0
  m_Script: {fileID: 11500000, guid: ac0b09e7857660247b1477e93731de29, type: 3}
  m_Name: 
  m_EditorClassIdentifier: 
--- !u!1001 &1637535350
PrefabInstance:
  m_ObjectHideFlags: 0
  serializedVersion: 2
  m_Modification:
    m_TransformParent: {fileID: 0}
    m_Modifications:
    - target: {fileID: 533980838742012976, guid: 842086d705735b94cbb87af5ac8da7eb, type: 3}
      propertyPath: score_text
      value: 
      objectReference: {fileID: 1087311315}
    - target: {fileID: 533980838742012977, guid: 842086d705735b94cbb87af5ac8da7eb, type: 3}
      propertyPath: m_Name
      value: Score
      objectReference: {fileID: 0}
    - target: {fileID: 533980838742012979, guid: 842086d705735b94cbb87af5ac8da7eb, type: 3}
      propertyPath: m_RootOrder
      value: 11
      objectReference: {fileID: 0}
    - target: {fileID: 533980838742012979, guid: 842086d705735b94cbb87af5ac8da7eb, type: 3}
      propertyPath: m_LocalPosition.x
      value: -1.5804764
      objectReference: {fileID: 0}
    - target: {fileID: 533980838742012979, guid: 842086d705735b94cbb87af5ac8da7eb, type: 3}
      propertyPath: m_LocalPosition.y
      value: 9.369912
      objectReference: {fileID: 0}
    - target: {fileID: 533980838742012979, guid: 842086d705735b94cbb87af5ac8da7eb, type: 3}
      propertyPath: m_LocalPosition.z
      value: 7.6132636
      objectReference: {fileID: 0}
    - target: {fileID: 533980838742012979, guid: 842086d705735b94cbb87af5ac8da7eb, type: 3}
      propertyPath: m_LocalRotation.w
      value: 1
      objectReference: {fileID: 0}
    - target: {fileID: 533980838742012979, guid: 842086d705735b94cbb87af5ac8da7eb, type: 3}
      propertyPath: m_LocalRotation.x
      value: 0
      objectReference: {fileID: 0}
    - target: {fileID: 533980838742012979, guid: 842086d705735b94cbb87af5ac8da7eb, type: 3}
      propertyPath: m_LocalRotation.y
      value: 0
      objectReference: {fileID: 0}
    - target: {fileID: 533980838742012979, guid: 842086d705735b94cbb87af5ac8da7eb, type: 3}
      propertyPath: m_LocalRotation.z
      value: 0
      objectReference: {fileID: 0}
    - target: {fileID: 533980838742012979, guid: 842086d705735b94cbb87af5ac8da7eb, type: 3}
      propertyPath: m_LocalEulerAnglesHint.x
      value: 0
      objectReference: {fileID: 0}
    - target: {fileID: 533980838742012979, guid: 842086d705735b94cbb87af5ac8da7eb, type: 3}
      propertyPath: m_LocalEulerAnglesHint.y
      value: 0
      objectReference: {fileID: 0}
    - target: {fileID: 533980838742012979, guid: 842086d705735b94cbb87af5ac8da7eb, type: 3}
      propertyPath: m_LocalEulerAnglesHint.z
      value: 0
      objectReference: {fileID: 0}
    m_RemovedComponents: []
  m_SourcePrefab: {fileID: 100100000, guid: 842086d705735b94cbb87af5ac8da7eb, type: 3}
--- !u!1001 &1708088423
PrefabInstance:
  m_ObjectHideFlags: 0
  serializedVersion: 2
  m_Modification:
    m_TransformParent: {fileID: 0}
    m_Modifications:
    - target: {fileID: 1295825871520187909, guid: ef41fcc83c3ba744eb7e05cb854fde5b, type: 3}
      propertyPath: m_RootOrder
      value: 12
      objectReference: {fileID: 0}
    - target: {fileID: 1295825871520187909, guid: ef41fcc83c3ba744eb7e05cb854fde5b, type: 3}
      propertyPath: m_LocalPosition.x
      value: 278.05704
      objectReference: {fileID: 0}
    - target: {fileID: 1295825871520187909, guid: ef41fcc83c3ba744eb7e05cb854fde5b, type: 3}
      propertyPath: m_LocalPosition.y
      value: 311.30872
      objectReference: {fileID: 0}
    - target: {fileID: 1295825871520187909, guid: ef41fcc83c3ba744eb7e05cb854fde5b, type: 3}
      propertyPath: m_LocalPosition.z
      value: 7.496887
      objectReference: {fileID: 0}
    - target: {fileID: 1295825871520187909, guid: ef41fcc83c3ba744eb7e05cb854fde5b, type: 3}
      propertyPath: m_LocalRotation.w
      value: 1
      objectReference: {fileID: 0}
    - target: {fileID: 1295825871520187909, guid: ef41fcc83c3ba744eb7e05cb854fde5b, type: 3}
      propertyPath: m_LocalRotation.x
      value: -0
      objectReference: {fileID: 0}
    - target: {fileID: 1295825871520187909, guid: ef41fcc83c3ba744eb7e05cb854fde5b, type: 3}
      propertyPath: m_LocalRotation.y
      value: -0
      objectReference: {fileID: 0}
    - target: {fileID: 1295825871520187909, guid: ef41fcc83c3ba744eb7e05cb854fde5b, type: 3}
      propertyPath: m_LocalRotation.z
      value: -0
      objectReference: {fileID: 0}
    - target: {fileID: 1295825871520187909, guid: ef41fcc83c3ba744eb7e05cb854fde5b, type: 3}
      propertyPath: m_LocalEulerAnglesHint.x
      value: 0
      objectReference: {fileID: 0}
    - target: {fileID: 1295825871520187909, guid: ef41fcc83c3ba744eb7e05cb854fde5b, type: 3}
      propertyPath: m_LocalEulerAnglesHint.y
      value: 0
      objectReference: {fileID: 0}
    - target: {fileID: 1295825871520187909, guid: ef41fcc83c3ba744eb7e05cb854fde5b, type: 3}
      propertyPath: m_LocalEulerAnglesHint.z
      value: 0
      objectReference: {fileID: 0}
    - target: {fileID: 1295825871520187910, guid: ef41fcc83c3ba744eb7e05cb854fde5b, type: 3}
      propertyPath: Time
      value: 
      objectReference: {fileID: 1087311314}
    - target: {fileID: 1295825871520187910, guid: ef41fcc83c3ba744eb7e05cb854fde5b, type: 3}
      propertyPath: startingTime
      value: 180
      objectReference: {fileID: 0}
    - target: {fileID: 1295825871520187911, guid: ef41fcc83c3ba744eb7e05cb854fde5b, type: 3}
      propertyPath: m_Name
      value: timer
      objectReference: {fileID: 0}
    m_RemovedComponents: []
  m_SourcePrefab: {fileID: 100100000, guid: ef41fcc83c3ba744eb7e05cb854fde5b, type: 3}
--- !u!1 &1750480177
GameObject:
  m_ObjectHideFlags: 0
  m_CorrespondingSourceObject: {fileID: 0}
  m_PrefabInstance: {fileID: 0}
  m_PrefabAsset: {fileID: 0}
  serializedVersion: 6
  m_Component:
  - component: {fileID: 1750480179}
  - component: {fileID: 1750480178}
  m_Layer: 0
  m_Name: Directional Light
  m_TagString: Untagged
  m_Icon: {fileID: 0}
  m_NavMeshLayer: 0
  m_StaticEditorFlags: 0
  m_IsActive: 1
--- !u!108 &1750480178
Light:
  m_ObjectHideFlags: 0
  m_CorrespondingSourceObject: {fileID: 0}
  m_PrefabInstance: {fileID: 0}
  m_PrefabAsset: {fileID: 0}
  m_GameObject: {fileID: 1750480177}
  m_Enabled: 1
  serializedVersion: 10
  m_Type: 1
  m_Shape: 0
  m_Color: {r: 1, g: 0.95686275, b: 0.8392157, a: 1}
  m_Intensity: 1
  m_Range: 10
  m_SpotAngle: 30
  m_InnerSpotAngle: 21.80208
  m_CookieSize: 10
  m_Shadows:
    m_Type: 2
    m_Resolution: -1
    m_CustomResolution: -1
    m_Strength: 1
    m_Bias: 0.05
    m_NormalBias: 0.4
    m_NearPlane: 0.2
    m_CullingMatrixOverride:
      e00: 1
      e01: 0
      e02: 0
      e03: 0
      e10: 0
      e11: 1
      e12: 0
      e13: 0
      e20: 0
      e21: 0
      e22: 1
      e23: 0
      e30: 0
      e31: 0
      e32: 0
      e33: 1
    m_UseCullingMatrixOverride: 0
  m_Cookie: {fileID: 0}
  m_DrawHalo: 0
  m_Flare: {fileID: 0}
  m_RenderMode: 0
  m_CullingMask:
    serializedVersion: 2
    m_Bits: 4294967295
  m_RenderingLayerMask: 1
  m_Lightmapping: 4
  m_LightShadowCasterMode: 0
  m_AreaSize: {x: 1, y: 1}
  m_BounceIntensity: 1
  m_ColorTemperature: 6570
  m_UseColorTemperature: 0
  m_BoundingSphereOverride: {x: 0, y: 0, z: 0, w: 0}
  m_UseBoundingSphereOverride: 0
  m_UseViewFrustumForShadowCasterCull: 1
  m_ShadowRadius: 0
  m_ShadowAngle: 0
--- !u!4 &1750480179
Transform:
  m_ObjectHideFlags: 0
  m_CorrespondingSourceObject: {fileID: 0}
  m_PrefabInstance: {fileID: 0}
  m_PrefabAsset: {fileID: 0}
  m_GameObject: {fileID: 1750480177}
  m_LocalRotation: {x: 0.40821788, y: -0.23456968, z: 0.10938163, w: 0.8754261}
  m_LocalPosition: {x: 0, y: 3, z: 0}
  m_LocalScale: {x: 1, y: 1, z: 1}
  m_ConstrainProportionsScale: 0
  m_Children: []
  m_Father: {fileID: 0}
  m_RootOrder: 5
  m_LocalEulerAnglesHint: {x: 50, y: -30, z: 0}
--- !u!114 &1754494031 stripped
MonoBehaviour:
  m_CorrespondingSourceObject: {fileID: 3582825845723537496, guid: e077e91ad36c4534393e0747aeb4a568, type: 3}
  m_PrefabInstance: {fileID: 1087311312}
  m_PrefabAsset: {fileID: 0}
  m_GameObject: {fileID: 0}
  m_Enabled: 1
  m_EditorHideFlags: 0
  m_Script: {fileID: 11500000, guid: 5f7201a12d95ffc409449d95f23cf332, type: 3}
  m_Name: 
  m_EditorClassIdentifier: 
--- !u!1 &1867148315
GameObject:
  m_ObjectHideFlags: 0
  m_CorrespondingSourceObject: {fileID: 0}
  m_PrefabInstance: {fileID: 0}
  m_PrefabAsset: {fileID: 0}
  serializedVersion: 6
  m_Component:
  - component: {fileID: 1867148317}
  - component: {fileID: 1867148316}
  m_Layer: 0
  m_Name: SceneGameManager
  m_TagString: Untagged
  m_Icon: {fileID: 0}
  m_NavMeshLayer: 0
  m_StaticEditorFlags: 0
  m_IsActive: 1
--- !u!114 &1867148316
MonoBehaviour:
  m_ObjectHideFlags: 0
  m_CorrespondingSourceObject: {fileID: 0}
  m_PrefabInstance: {fileID: 0}
  m_PrefabAsset: {fileID: 0}
  m_GameObject: {fileID: 1867148315}
  m_Enabled: 1
  m_EditorHideFlags: 0
  m_Script: {fileID: 11500000, guid: 9f2cf9a4bc9c6fd43ae59637df8d99f2, type: 3}
  m_Name: 
  m_EditorClassIdentifier: 
--- !u!4 &1867148317
Transform:
  m_ObjectHideFlags: 0
  m_CorrespondingSourceObject: {fileID: 0}
  m_PrefabInstance: {fileID: 0}
  m_PrefabAsset: {fileID: 0}
  m_GameObject: {fileID: 1867148315}
  m_LocalRotation: {x: 0, y: 0, z: 0, w: 1}
  m_LocalPosition: {x: 0.6375612, y: 3.6796546, z: -6.2585053}
  m_LocalScale: {x: 1, y: 1, z: 1}
  m_ConstrainProportionsScale: 0
  m_Children: []
  m_Father: {fileID: 0}
  m_RootOrder: 13
  m_LocalEulerAnglesHint: {x: 0, y: 0, z: 0}
--- !u!1001 &1872675427
PrefabInstance:
  m_ObjectHideFlags: 0
  serializedVersion: 2
  m_Modification:
    m_TransformParent: {fileID: 0}
    m_Modifications:
    - target: {fileID: 7557380188647001592, guid: e948646821e38604caa33660875c4cfd, type: 3}
      propertyPath: m_Name
      value: Coin
      objectReference: {fileID: 0}
    - target: {fileID: 7557380188647001594, guid: e948646821e38604caa33660875c4cfd, type: 3}
      propertyPath: m_RootOrder
      value: 9
      objectReference: {fileID: 0}
    - target: {fileID: 7557380188647001594, guid: e948646821e38604caa33660875c4cfd, type: 3}
      propertyPath: m_LocalPosition.x
      value: 0.72112936
      objectReference: {fileID: 0}
    - target: {fileID: 7557380188647001594, guid: e948646821e38604caa33660875c4cfd, type: 3}
      propertyPath: m_LocalPosition.y
      value: 2.8932502
      objectReference: {fileID: 0}
    - target: {fileID: 7557380188647001594, guid: e948646821e38604caa33660875c4cfd, type: 3}
      propertyPath: m_LocalPosition.z
      value: 3.7289546
      objectReference: {fileID: 0}
    - target: {fileID: 7557380188647001594, guid: e948646821e38604caa33660875c4cfd, type: 3}
      propertyPath: m_LocalRotation.w
      value: 1
      objectReference: {fileID: 0}
    - target: {fileID: 7557380188647001594, guid: e948646821e38604caa33660875c4cfd, type: 3}
      propertyPath: m_LocalRotation.x
      value: 0
      objectReference: {fileID: 0}
    - target: {fileID: 7557380188647001594, guid: e948646821e38604caa33660875c4cfd, type: 3}
      propertyPath: m_LocalRotation.y
      value: 0
      objectReference: {fileID: 0}
    - target: {fileID: 7557380188647001594, guid: e948646821e38604caa33660875c4cfd, type: 3}
      propertyPath: m_LocalRotation.z
      value: 0
      objectReference: {fileID: 0}
    - target: {fileID: 7557380188647001594, guid: e948646821e38604caa33660875c4cfd, type: 3}
      propertyPath: m_LocalEulerAnglesHint.x
      value: 0
      objectReference: {fileID: 0}
    - target: {fileID: 7557380188647001594, guid: e948646821e38604caa33660875c4cfd, type: 3}
      propertyPath: m_LocalEulerAnglesHint.y
      value: 0
      objectReference: {fileID: 0}
    - target: {fileID: 7557380188647001594, guid: e948646821e38604caa33660875c4cfd, type: 3}
      propertyPath: m_LocalEulerAnglesHint.z
      value: 0
      objectReference: {fileID: 0}
    - target: {fileID: 7557380188647001595, guid: e948646821e38604caa33660875c4cfd, type: 3}
      propertyPath: Coin
      value: 
      objectReference: {fileID: 1754494031}
    m_RemovedComponents: []
  m_SourcePrefab: {fileID: 100100000, guid: e948646821e38604caa33660875c4cfd, type: 3}
--- !u!1 &1937566605
GameObject:
  m_ObjectHideFlags: 0
  m_CorrespondingSourceObject: {fileID: 0}
  m_PrefabInstance: {fileID: 0}
  m_PrefabAsset: {fileID: 0}
  serializedVersion: 6
  m_Component:
  - component: {fileID: 1937566607}
  - component: {fileID: 1937566606}
  m_Layer: 0
  m_Name: NavMesh Surface
  m_TagString: Untagged
  m_Icon: {fileID: 0}
  m_NavMeshLayer: 0
  m_StaticEditorFlags: 0
  m_IsActive: 1
--- !u!114 &1937566606
MonoBehaviour:
  m_ObjectHideFlags: 0
  m_CorrespondingSourceObject: {fileID: 0}
  m_PrefabInstance: {fileID: 0}
  m_PrefabAsset: {fileID: 0}
  m_GameObject: {fileID: 1937566605}
  m_Enabled: 1
  m_EditorHideFlags: 0
  m_Script: {fileID: 11500000, guid: 7a5ac11cc976e418e8d13136b07e1f52, type: 3}
  m_Name: 
  m_EditorClassIdentifier: 
  m_AgentTypeID: 0
  m_CollectObjects: 0
  m_Size: {x: 10, y: 10, z: 10}
  m_Center: {x: 0, y: 2, z: 0}
  m_LayerMask:
    serializedVersion: 2
    m_Bits: 23
  m_UseGeometry: 0
  m_DefaultArea: 0
  m_IgnoreNavMeshAgent: 1
  m_IgnoreNavMeshObstacle: 1
  m_OverrideTileSize: 0
  m_TileSize: 256
  m_OverrideVoxelSize: 0
  m_VoxelSize: 0.33333334
  m_MinRegionArea: 2
  m_NavMeshData: {fileID: 23800000, guid: fed83d8e0fe653046bf3a5467ceb2f27, type: 2}
  m_BuildHeightMesh: 0
--- !u!4 &1937566607
Transform:
  m_ObjectHideFlags: 0
  m_CorrespondingSourceObject: {fileID: 0}
  m_PrefabInstance: {fileID: 0}
  m_PrefabAsset: {fileID: 0}
  m_GameObject: {fileID: 1937566605}
  m_LocalRotation: {x: 0, y: 0, z: 0, w: 1}
  m_LocalPosition: {x: -44.274742, y: -157.24982, z: -15.470608}
  m_LocalScale: {x: 1, y: 1, z: 1}
  m_ConstrainProportionsScale: 0
  m_Children: []
  m_Father: {fileID: 0}
  m_RootOrder: 17
  m_LocalEulerAnglesHint: {x: 0, y: 0, z: 0}
--- !u!1001 &1997754158
PrefabInstance:
  m_ObjectHideFlags: 0
  serializedVersion: 2
  m_Modification:
    m_TransformParent: {fileID: 0}
    m_Modifications:
    - target: {fileID: 158323986157034777, guid: 8b465f4b3fca99149955ef6135b8a894, type: 3}
      propertyPath: m_Name
      value: buttonSound
      objectReference: {fileID: 0}
    - target: {fileID: 8261397305418184539, guid: 8b465f4b3fca99149955ef6135b8a894, type: 3}
      propertyPath: m_RootOrder
      value: 19
      objectReference: {fileID: 0}
    - target: {fileID: 8261397305418184539, guid: 8b465f4b3fca99149955ef6135b8a894, type: 3}
      propertyPath: m_LocalPosition.x
      value: 349.22195
      objectReference: {fileID: 0}
    - target: {fileID: 8261397305418184539, guid: 8b465f4b3fca99149955ef6135b8a894, type: 3}
      propertyPath: m_LocalPosition.y
      value: 171.86531
      objectReference: {fileID: 0}
    - target: {fileID: 8261397305418184539, guid: 8b465f4b3fca99149955ef6135b8a894, type: 3}
      propertyPath: m_LocalPosition.z
      value: 110.27482
      objectReference: {fileID: 0}
    - target: {fileID: 8261397305418184539, guid: 8b465f4b3fca99149955ef6135b8a894, type: 3}
      propertyPath: m_LocalRotation.w
      value: 1
      objectReference: {fileID: 0}
    - target: {fileID: 8261397305418184539, guid: 8b465f4b3fca99149955ef6135b8a894, type: 3}
      propertyPath: m_LocalRotation.x
      value: 0
      objectReference: {fileID: 0}
    - target: {fileID: 8261397305418184539, guid: 8b465f4b3fca99149955ef6135b8a894, type: 3}
      propertyPath: m_LocalRotation.y
      value: 0
      objectReference: {fileID: 0}
    - target: {fileID: 8261397305418184539, guid: 8b465f4b3fca99149955ef6135b8a894, type: 3}
      propertyPath: m_LocalRotation.z
      value: 0
      objectReference: {fileID: 0}
    - target: {fileID: 8261397305418184539, guid: 8b465f4b3fca99149955ef6135b8a894, type: 3}
      propertyPath: m_LocalEulerAnglesHint.x
      value: 0
      objectReference: {fileID: 0}
    - target: {fileID: 8261397305418184539, guid: 8b465f4b3fca99149955ef6135b8a894, type: 3}
      propertyPath: m_LocalEulerAnglesHint.y
      value: 0
      objectReference: {fileID: 0}
    - target: {fileID: 8261397305418184539, guid: 8b465f4b3fca99149955ef6135b8a894, type: 3}
      propertyPath: m_LocalEulerAnglesHint.z
      value: 0
      objectReference: {fileID: 0}
    m_RemovedComponents: []
  m_SourcePrefab: {fileID: 100100000, guid: 8b465f4b3fca99149955ef6135b8a894, type: 3}
--- !u!82 &1997754159 stripped
AudioSource:
  m_CorrespondingSourceObject: {fileID: 622889076311510728, guid: 8b465f4b3fca99149955ef6135b8a894, type: 3}
  m_PrefabInstance: {fileID: 1997754158}
  m_PrefabAsset: {fileID: 0}
--- !u!1 &2042732822 stripped
GameObject:
  m_CorrespondingSourceObject: {fileID: 866005820277440499, guid: e077e91ad36c4534393e0747aeb4a568, type: 3}
  m_PrefabInstance: {fileID: 1087311312}
  m_PrefabAsset: {fileID: 0}
--- !u!1001 &2068683557
PrefabInstance:
  m_ObjectHideFlags: 0
  serializedVersion: 2
  m_Modification:
    m_TransformParent: {fileID: 0}
    m_Modifications:
    - target: {fileID: 3152522614315704440, guid: d2165e8b068616d4eb9cdfedcf5ba5c3, type: 3}
      propertyPath: m_LocalPosition.x
      value: 0.288
      objectReference: {fileID: 0}
    - target: {fileID: 7095050328826996965, guid: d2165e8b068616d4eb9cdfedcf5ba5c3, type: 3}
      propertyPath: m_Name
      value: player@T-Pose Variant
      objectReference: {fileID: 0}
    - target: {fileID: 7583355895890850399, guid: d2165e8b068616d4eb9cdfedcf5ba5c3, type: 3}
      propertyPath: m_RootOrder
      value: 3
      objectReference: {fileID: 0}
    - target: {fileID: 7583355895890850399, guid: d2165e8b068616d4eb9cdfedcf5ba5c3, type: 3}
      propertyPath: m_LocalScale.x
      value: 40
      objectReference: {fileID: 0}
    - target: {fileID: 7583355895890850399, guid: d2165e8b068616d4eb9cdfedcf5ba5c3, type: 3}
      propertyPath: m_LocalScale.y
      value: 40
      objectReference: {fileID: 0}
    - target: {fileID: 7583355895890850399, guid: d2165e8b068616d4eb9cdfedcf5ba5c3, type: 3}
      propertyPath: m_LocalScale.z
      value: 40
      objectReference: {fileID: 0}
    - target: {fileID: 7583355895890850399, guid: d2165e8b068616d4eb9cdfedcf5ba5c3, type: 3}
      propertyPath: m_LocalPosition.x
      value: 45.095783
      objectReference: {fileID: 0}
    - target: {fileID: 7583355895890850399, guid: d2165e8b068616d4eb9cdfedcf5ba5c3, type: 3}
      propertyPath: m_LocalPosition.y
      value: 0.25000763
      objectReference: {fileID: 0}
    - target: {fileID: 7583355895890850399, guid: d2165e8b068616d4eb9cdfedcf5ba5c3, type: 3}
      propertyPath: m_LocalPosition.z
      value: -5
      objectReference: {fileID: 0}
    - target: {fileID: 7583355895890850399, guid: d2165e8b068616d4eb9cdfedcf5ba5c3, type: 3}
      propertyPath: m_LocalRotation.w
      value: 0.67071164
      objectReference: {fileID: 0}
    - target: {fileID: 7583355895890850399, guid: d2165e8b068616d4eb9cdfedcf5ba5c3, type: 3}
      propertyPath: m_LocalRotation.x
      value: -0
      objectReference: {fileID: 0}
    - target: {fileID: 7583355895890850399, guid: d2165e8b068616d4eb9cdfedcf5ba5c3, type: 3}
      propertyPath: m_LocalRotation.y
      value: 0.7417182
      objectReference: {fileID: 0}
    - target: {fileID: 7583355895890850399, guid: d2165e8b068616d4eb9cdfedcf5ba5c3, type: 3}
      propertyPath: m_LocalRotation.z
      value: -0
      objectReference: {fileID: 0}
    - target: {fileID: 7583355895890850399, guid: d2165e8b068616d4eb9cdfedcf5ba5c3, type: 3}
      propertyPath: m_LocalEulerAnglesHint.x
      value: 0
      objectReference: {fileID: 0}
    - target: {fileID: 7583355895890850399, guid: d2165e8b068616d4eb9cdfedcf5ba5c3, type: 3}
      propertyPath: m_LocalEulerAnglesHint.y
      value: 95.756
      objectReference: {fileID: 0}
    - target: {fileID: 7583355895890850399, guid: d2165e8b068616d4eb9cdfedcf5ba5c3, type: 3}
      propertyPath: m_LocalEulerAnglesHint.z
      value: 0
      objectReference: {fileID: 0}
    - target: {fileID: 7879082869367623241, guid: d2165e8b068616d4eb9cdfedcf5ba5c3, type: 3}
      propertyPath: MoveSpeed
      value: 10
      objectReference: {fileID: 0}
    - target: {fileID: 7879082869522289414, guid: d2165e8b068616d4eb9cdfedcf5ba5c3, type: 3}
      propertyPath: hitReact
      value: 
      objectReference: {fileID: 8300000, guid: 8c4e31f623b7f6e469c0e9b83dc54268, type: 3}
    - target: {fileID: 7879082869522289414, guid: d2165e8b068616d4eb9cdfedcf5ba5c3, type: 3}
      propertyPath: enemiesAttack
      value: 
      objectReference: {fileID: 8300000, guid: c5d72c581b829564f9e22b9de926193b, type: 3}
    - target: {fileID: 7879082869522289414, guid: d2165e8b068616d4eb9cdfedcf5ba5c3, type: 3}
      propertyPath: hitArmerReact
      value: 
      objectReference: {fileID: 8300000, guid: bcf6ad26924e86c41a4b6d3dcaacd215, type: 3}
    m_RemovedComponents: []
  m_SourcePrefab: {fileID: 100100000, guid: d2165e8b068616d4eb9cdfedcf5ba5c3, type: 3}
--- !u!4 &2068683558 stripped
Transform:
  m_CorrespondingSourceObject: {fileID: 7583355895890850399, guid: d2165e8b068616d4eb9cdfedcf5ba5c3, type: 3}
  m_PrefabInstance: {fileID: 2068683557}
  m_PrefabAsset: {fileID: 0}
--- !u!1001 &1745302598513632865
PrefabInstance:
  m_ObjectHideFlags: 0
  serializedVersion: 2
  m_Modification:
    m_TransformParent: {fileID: 0}
    m_Modifications:
    - target: {fileID: 1745302597697403282, guid: 0faee7980261d924594cab39351dbe65, type: 3}
      propertyPath: m_LocalPosition.y
      value: -0.4
      objectReference: {fileID: 0}
    - target: {fileID: 1745302599002985614, guid: 0faee7980261d924594cab39351dbe65, type: 3}
      propertyPath: m_RootOrder
      value: 4
      objectReference: {fileID: 0}
    - target: {fileID: 1745302599002985614, guid: 0faee7980261d924594cab39351dbe65, type: 3}
      propertyPath: m_LocalPosition.x
      value: 0
      objectReference: {fileID: 0}
    - target: {fileID: 1745302599002985614, guid: 0faee7980261d924594cab39351dbe65, type: 3}
      propertyPath: m_LocalPosition.y
      value: 0
      objectReference: {fileID: 0}
    - target: {fileID: 1745302599002985614, guid: 0faee7980261d924594cab39351dbe65, type: 3}
      propertyPath: m_LocalPosition.z
      value: 0
      objectReference: {fileID: 0}
    - target: {fileID: 1745302599002985614, guid: 0faee7980261d924594cab39351dbe65, type: 3}
      propertyPath: m_LocalRotation.w
      value: 1
      objectReference: {fileID: 0}
    - target: {fileID: 1745302599002985614, guid: 0faee7980261d924594cab39351dbe65, type: 3}
      propertyPath: m_LocalRotation.x
      value: 0
      objectReference: {fileID: 0}
    - target: {fileID: 1745302599002985614, guid: 0faee7980261d924594cab39351dbe65, type: 3}
      propertyPath: m_LocalRotation.y
      value: 0
      objectReference: {fileID: 0}
    - target: {fileID: 1745302599002985614, guid: 0faee7980261d924594cab39351dbe65, type: 3}
      propertyPath: m_LocalRotation.z
      value: 0
      objectReference: {fileID: 0}
    - target: {fileID: 1745302599002985614, guid: 0faee7980261d924594cab39351dbe65, type: 3}
      propertyPath: m_LocalEulerAnglesHint.x
      value: 0
      objectReference: {fileID: 0}
    - target: {fileID: 1745302599002985614, guid: 0faee7980261d924594cab39351dbe65, type: 3}
      propertyPath: m_LocalEulerAnglesHint.y
      value: 0
      objectReference: {fileID: 0}
    - target: {fileID: 1745302599002985614, guid: 0faee7980261d924594cab39351dbe65, type: 3}
      propertyPath: m_LocalEulerAnglesHint.z
      value: 0
      objectReference: {fileID: 0}
    - target: {fileID: 1745302599002985615, guid: 0faee7980261d924594cab39351dbe65, type: 3}
      propertyPath: m_Name
      value: Map3
      objectReference: {fileID: 0}
    m_RemovedComponents: []
  m_SourcePrefab: {fileID: 100100000, guid: 0faee7980261d924594cab39351dbe65, type: 3}
